@article{harris2014global,
  title={{Global-to-regional nested-grid climate simulations in the GFDL High Resolution Atmosphere Model}},
  author={Harris, Lucas M and Lin, Shian-Jiann},
  journal={J. Clim.},
  volume={27},
  year={2014}
}

@article{harris2013two,
  title={A Two-Way Nested Global-Regional Dynamical Core on the Cubed-Sphere Grid},
  author={Harris, Lucas M and Lin, Shian-Jiann},
  journal={Monthly Weather Review},
  volume={141},
  number={1},
  pages={283--306},
  year={2013}
}

@article{Schmidt1977,
title = "Variable fine mesh in spectral global models",
journal = {Beitr. Phys. Atmos.},
volume ={50},
pages = {211--217},
author={Schmidt, F.},
year = {1977}
}

@article{PL2007JCP,
        Author = {William M. Putman and Shian-Jiann Lin},
        Journal = {J. Comput. Phys.},
        Number = {1},
        Pages = {55-78},
        Title = {Finite-volume transport on various cubed-sphere grids},
        Volume = {227},
        Year = {2007}}

@article{LR1996MWR,
        Author = {Lin,S.J. and Rood,R.B.},
        Journal = {Mon. Wea. Rev.},
        Month = {September},
        Pages = {2046-2070},
        Title = {Multidimensional Flux-Form Semi-{L}agrangian Transport Schemes},
        Volume = {124},
        Year = {1996}}

@article{LR1997QJR,
        Author = {Shian-Jiann Lin and R.B. Rood},
        Journal = {Q.J.R.Meteorol.Soc.},
        Pages = {2477-2498},
        Title = {An explicit flux-form semi-{L}agrangian shallow-water model on the sphere.},
        Volume = {123},
        Year = {1997}}
@article{LR1997QJR,
        Author = {Shian-Jiann Lin and R.B. Rood},
        Journal = {Q.J.R.Meteorol.Soc.},
        Pages = {2477-2498},
        Title = {An explicit flux-form semi-{L}agrangian shallow-water model on the sphere.},
        Volume = {123},
        Year = {1997}}
@article{L1997QJR,
        Author = {S.J. Lin},
        Journal = {Q. J. Roy. Meteor. Soc.},
        Pages = {1749-1762},
        Title = {A finite-volume integration method for computing pressure gradient force in general vertical coordinates},
        Volume = {123},
        Year = {1997}}
@article{CW1984JCP,
        Author = {Phillip Colella AND Paul R. Woodward},
        Journal = {J. Comput. Phys.},
        Pages = {174-201},
        Title = {The Piecewise Parabolic Method ({P}{P}{M}) for Gas-Dynamical Simulations},
        Volume = {54},
        Year = {1984}}
@article{harris2016high,
  title={High resolution climate simulations using GFDL HiRAM with a stretched global grid},
  author={Harris, Lucas M and Lin, Shian-Jiann and Tu, ChiaYing},
  journal={Journal of Climate},
  number={29},
  year={2016}
}
@article{L2004MWR,
        Author = {Shian-Jiann Lin},
        Journal = {Mon. Wea. Rev.},
        Pages = {2293-2307},
        Title = {A 'Vertically {L}agrangian' Finite-Volume Dynamical Core for Global Models},
        Volume = {132},
        Year = {2004}}

