
%%%%%%%%%%%%%%%%%%%%%%%%%%%%%%%%%%%%%%%%%%%%%%%%%%%%%%%%%%%%%

@ARTICLE{ronchi1996cubed,
  title="{The 'Cubed Sphere': a new method for the solution of partial differential equations in spherical geometry}",
  author={Ronchi, C. and Ianoco, R. and Paolucci, P. S.},
  journal={J. Comput. Phys.},
  volume={124},
  pages={93--114},
  year={1996},
  doi={10.1006/jcph.1996.0047}
}

@ARTICLE{sadourny1972conservative,
  title="{Conservative finite-difference approximations of the primitive equation on quasi-uniform spherical grids}",
  author={Sadourny, R.},
  journal={Mon. Weather Rev.},
  volume={100},
  pages={136--144},
  year={1972},
  doi={10.1175/1520-0493(1972)100<0136:CFAOTP>2.3.CO;2}
}

@article{ullrich2014global,
  title={A global finite-element shallow-water model supporting continuous and discontinuous elements},
  author={Ullrich, PA},
  journal={Geosci. Model Dev.},
  volume={7},
  number={6},
  pages={3017--3035},
  year={2014},
  publisher={Copernicus GmbH}
}

@article{guerra2016high,
  author={J.~E. Guerra and P.~A. Ullrich},
  title={A High-order Staggered Finite-Element Vertical Discretization for Non-Hydrostatic Atmospheric Models},
  year={2016},
  journal={Geoscientfic Model Development},
  note={(in press)},
  doi={10.5194/gmd-2015-275}
}

@ARTICLE{kinnmark1984onestepA,
  title={One step integration methods with maximum stability regions},
  author={Kinnmark, Ingemar PE and Gray, William G},
  journal={Math. Comput. Simulat.},
  volume={26},
  number={2},
  pages={87--92},
  year={1984},
  publisher={Elsevier},
  doi={10.1016/0378-4754(84)90039-9}
}

@ARTICLE{kinnmark1984onestepB,
  title={One step integration methods of third-fourth order accuracy with large hyperbolic stability limits},
  author={Kinnmark, Ingemar PE and Gray, William G},
  journal={Math. Comput. Simulat.},
  volume={26},
  number={3},
  pages={181--188},
  year={1984},
  publisher={Elsevier},
  doi={10.1016/0378-4754(84)90056-9}
}

%%%%%%%%%%%%%%%%%%%%%%%%%%%%%%%%%%%%%%%%%%%%%%%%%%%%%%%%%%%%%
% Kessler physics
%%%%%%%%%%%%%%%%%%%%%%%%%%%%%%%%%%%%%%%%%%%%%%%%%%%%%%%%%%%%%

@article{klemp1978simulation,
  title={The simulation of three-dimensional convective storm dynamics},
  author={Klemp, Joseph B and Wilhelmson, Robert B},
  journal={J. Atmos. Sci.},
  volume={35},
  number={6},
  pages={1070--1096},
  year={1978}
}

@article{kessler1969distribution,
  title={On the distribution and continuity of water substance in atmospheric circulation},
  author={Kessler, Edwin},
  year={1969},
  publisher={Ameican Meteorological Society}
}

@article{ogura1971numerical,
  title={Numerical simulation of the life cycle of a thunderstorm cell},
  author={Ogura, Yoshimitsu and Takahashi, Tsutomu},
  journal={Mon. Weather Rev.},
  volume={99},
  number={12},
  pages={895--911},
  year={1971}
}

@article{soong1973comparison,
  title={A comparison between axisymmetric and slab-symmetric cumulus cloud models},
  author={Soong, Su-Tzai and Ogura, Yoshimitsu},
  journal={J. Atmos. Sci.},
  volume={30},
  number={5},
  pages={879--893},
  year={1973}
}

%%%%%%%%%%%%%%%%%%%%%%%%%%%%%%%%%%%%%%%%%%%%%%%%%%%%%%%%%%%%%
% Simplified Mixing in the Planetary Boundary Layer
%%%%%%%%%%%%%%%%%%%%%%%%%%%%%%%%%%%%%%%%%%%%%%%%%%%%%%%%%%%%%

@article{reed2012idealized,
   author = {K. A. Reed and C. Jablonowski},
    title = "{Idealized tropical cyclone simulations of intermediate complexity: a test case for {AGCMs}}",
    journal = {J. Adv. Model. Earth Syst.},
    year = 2012,
    volume = 4,
    pages = "M04001", 
    doi = {10.1029/2011MS000099}
}

%%%%%%%%%%%%%%%%%%%%%%%%%%%%%%%%%%%%%%%%%%%%%%%%%%%%%%%%%%%%%
% icosahedral grid
%%%%%%%%%%%%%%%%%%%%%%%%%%%%%%%%%%%%%%%%%%%%%%%%%%%%%%%%%%%%%

@article{tomita2001,
  title={Shallow water model on a modified icosahedral grid by using spring dynamics},
  author={Tomita, H. and Tsugawa, M. and Sato M. and Goto K.},
  journal={Journal of Computational Physics},
  volume={174},
  number={},
  pages={579--613},
  year={2001}
}

%%%%%%%%%%%%%%%%%%%%%%%%%%%%%%%%%%%%%%%%%%%%%%%%%%%%%%%%%%%%%
% ICON
%%%%%%%%%%%%%%%%%%%%%%%%%%%%%%%%%%%%%%%%%%%%%%%%%%%%%%%%%%%%%
@article{gassmann2008,
  title={Towards a consistent numerical compressible non-hydrostatic model using generalized Hamiltonian tools},
  author={Gassmann, A. and Herzog, H. J.},
  journal={Quarterly Journal of the Royal Meteorological Society},
  volume={134},
  number={},
  pages={1597--1613},
  year={2008}
  DOI={10.1002/qj.297}
}

@article{gassmann2013,
  title={A global hexagonal C-grid non-hydrostatic dynamical core (ICON-IAP) designed for energetic consistency},
  author={Gassmann, A.},
  journal={Quarterly Journal of the Royal Meteorological Society},
  volume={139},
  number={},
  pages={152--175},
  year={2013}
  DOI={10.1002/qj.1960}
}

@article{zangl2014,
  title={The ICON (ICOsahedral Non-hydrostatic) modelling framework of DWD and MPI-M: Description of the non-hydrostatic dynamical core},
  author={Z\"angl, G.},
  journal={Quarterly Journal of the Royal Meteorological Society},
  volume={141},
  number={},
  pages={563--579},
  year={2014}
  DOI={10.1002/qj.2378}
}

@article{leuenberger2010,
  title={A generalization of the SLEVE vertical coordinate},
  author={Leuenberger, D. and Koller, M. and Fuhrer, O., and Sch\"ar, C.},
  journal={Monthly Weather Review},
  volume={138},
  number={},
  pages={3683--3689},
  year={2010}
  DOI={10.1175/2010MWR3307.1}
}

@article{galchen1975,
  title={Numerical solution of the Navier ? Stokes equations with topography.},
  author={Gal-Chen, T. and Somerville, R.},
  journal={Journal of Computational Physics},
  volume={17},
  number={},
  pages={276--310},
  year={1975}
  DOI={10.1016/0021-9991(75)90054-6}
}

@article{klemp2008,
  title={An upper gravity-wave absorbing layer for NWP applications},
  author={Klemp, J. B., and Dudhia, J., and Hassiotis, A. D.},
  journal={Monthly Weather Review},
  volume={136},
  number={},
  pages={3987--4004},
  year={2008}
  DOI={10.1175/2008MWR2596.1}
}
