
%%%%%%%%%%%%%%%%%%%%%%%%%%%%%%%%%%%%%%%%%%%%%%%%%%%%%%%%%%%%%

@article{simmons1981energy,
  title={An energy and angular-momentum conserving vertical finite-difference scheme and hybrid vertical coordinates},
  author={Simmons, Adrian J and Burridge, David M},
  journal={Monthly Weather Review},
  volume={109},
  number={4},
  pages={758--766},
  year={1981}
}

@article{guba2014optimization,
  title={Optimization-based limiters for the spectral element method},
  author={Guba, Oksana and Taylor, Mark and St-Cyr, Amik},
  journal={Journal of Computational Physics},
  volume={267},
  pages={176--195},
  year={2014},
  publisher={Elsevier}
}

@article{spiteri2002new,
  title={A new class of optimal high-order strong-stability-preserving time discretization methods},
  author={Spiteri, Raymond J and Ruuth, Steven J},
  journal={SIAM Journal on Numerical Analysis},
  volume={40},
  number={2},
  pages={469--491},
  year={2002},
  publisher={SIAM}
}

@article{laprise1992euler,
  title={The Euler equations of motion with hydrostatic pressure as an independent variable},
  author={Laprise, Ren{\'e}},
  journal={Monthly weather review},
  volume={120},
  number={1},
  pages={197--207},
  year={1992}
}

@ARTICLE{ronchi1996cubed,
  title="{The 'Cubed Sphere': a new method for the solution of partial differential equations in spherical geometry}",
  author={Ronchi, C. and Ianoco, R. and Paolucci, P. S.},
  journal={J. Comput. Phys.},
  volume={124},
  pages={93--114},
  year={1996},
  doi={10.1006/jcph.1996.0047}
}

@ARTICLE{sadourny1972conservative,
  title="{Conservative finite-difference approximations of the primitive equation on quasi-uniform spherical grids}",
  author={Sadourny, R.},
  journal={Mon. Weather Rev.},
  volume={100},
  pages={136--144},
  year={1972},
  doi={10.1175/1520-0493(1972)100<0136:CFAOTP>2.3.CO;2}
}

@article{ullrich2014global,
  title={A global finite-element shallow-water model supporting continuous and discontinuous elements},
  author={Ullrich, PA},
  journal={Geosci. Model Dev.},
  volume={7},
  number={6},
  pages={3017--3035},
  year={2014},
  publisher={Copernicus GmbH}
}

@article{guerra2016high,
  author={J.~E. Guerra and P.~A. Ullrich},
  title={A High-order Staggered Finite-Element Vertical Discretization for Non-Hydrostatic Atmospheric Models},
  year={2016},
  journal={Geoscientfic Model Development},
  note={(in press)},
  doi={10.5194/gmd-2015-275}
}

@ARTICLE{kinnmark1984onestepA,
  title={One step integration methods with maximum stability regions},
  author={Kinnmark, Ingemar PE and Gray, William G},
  journal={Math. Comput. Simulat.},
  volume={26},
  number={2},
  pages={87--92},
  year={1984},
  publisher={Elsevier},
  doi={10.1016/0378-4754(84)90039-9}
}

@ARTICLE{kinnmark1984onestepB,
  title={One step integration methods of third-fourth order accuracy with large hyperbolic stability limits},
  author={Kinnmark, Ingemar PE and Gray, William G},
  journal={Math. Comput. Simulat.},
  volume={26},
  number={3},
  pages={181--188},
  year={1984},
  publisher={Elsevier},
  doi={10.1016/0378-4754(84)90056-9}
}

%%%%%%%%%%%%%%%%%%%%%%%%%%%%%%%%%%%%%%%%%%%%%%%%%%%%%%%%%%%%%
% Kessler physics
%%%%%%%%%%%%%%%%%%%%%%%%%%%%%%%%%%%%%%%%%%%%%%%%%%%%%%%%%%%%%

@article{klemp1978simulation,
  title={The simulation of three-dimensional convective storm dynamics},
  author={Klemp, Joseph B and Wilhelmson, Robert B},
  journal={J. Atmos. Sci.},
  volume={35},
  number={6},
  pages={1070--1096},
  year={1978}
}

@article{kessler1969distribution,
  title={On the distribution and continuity of water substance in atmospheric circulation},
  author={Kessler, Edwin},
  year={1969},
  publisher={Ameican Meteorological Society}
}

@article{ogura1971numerical,
  title={Numerical simulation of the life cycle of a thunderstorm cell},
  author={Ogura, Yoshimitsu and Takahashi, Tsutomu},
  journal={Mon. Weather Rev.},
  volume={99},
  number={12},
  pages={895--911},
  year={1971}
}

@article{soong1973comparison,
  title={A comparison between axisymmetric and slab-symmetric cumulus cloud models},
  author={Soong, Su-Tzai and Ogura, Yoshimitsu},
  journal={J. Atmos. Sci.},
  volume={30},
  number={5},
  pages={879--893},
  year={1973}
}

%%%%%%%%%%%%%%%%%%%%%%%%%%%%%%%%%%%%%%%%%%%%%%%%%%%%%%%%%%%%%
% Simplified Mixing in the Planetary Boundary Layer
%%%%%%%%%%%%%%%%%%%%%%%%%%%%%%%%%%%%%%%%%%%%%%%%%%%%%%%%%%%%%

@article{reed2012idealized,
   author = {K. A. Reed and C. Jablonowski},
    title = "{Idealized tropical cyclone simulations of intermediate complexity: a test case for {AGCMs}}",
    journal = {J. Adv. Model. Earth Syst.},
    year = 2012,
    volume = 4,
    pages = "M04001", 
    doi = {10.1029/2011MS000099}
}
